<record><leader>00000cas a22000007a 4500</leader><controlfield tag="001">27952615</controlfield><controlfield tag="008">930420d19uu19uucaudn ne      0    0eng d</controlfield><datafield ind1=" " ind2=" " tag="010"><subfield code="a">sn 93051447 </subfield></datafield><datafield ind1=" " ind2=" " tag="040"><subfield code="a">CUY</subfield><subfield code="b">eng</subfield><subfield code="c">CNK</subfield><subfield code="d">OCLCQ</subfield></datafield><datafield ind1=" " ind2=" " tag="042"><subfield code="a">msc</subfield></datafield><datafield ind1="0" ind2=" " tag="130"><subfield code="a">Shasta courier (Redding, Calif. : Daily)</subfield></datafield><datafield ind1="1" ind2="4" tag="245"><subfield code="a">The Shasta courier.</subfield></datafield><datafield ind1=" " ind2=" " tag="260"><subfield code="a">Redding, Calif. :</subfield><subfield code="b">Hoyle and Carter</subfield></datafield><datafield ind1=" " ind2=" " tag="300"><subfield code="a">v.</subfield></datafield><datafield ind1=" " ind2=" " tag="310"><subfield code="a">Daily (except Sun.)</subfield></datafield><datafield ind1=" " ind2=" " tag="588"><subfield code="a">Description based on: Vol. 54, no. 27 (July 13, 1905).</subfield></datafield><datafield ind1=" " ind2="4" tag="651"><subfield code="a">Shasta County (Calif.)</subfield><subfield code="v">Newspapers.</subfield></datafield><datafield ind1=" " ind2=" " tag="752"><subfield code="a">United States</subfield><subfield code="b">California</subfield><subfield code="c">Shasta</subfield><subfield code="d">Redding.</subfield></datafield><datafield ind1="0" ind2=" " tag="775"><subfield code="t">Weekly Shasta courier</subfield><subfield code="w">(DLC)sn 85025132</subfield></datafield><datafield ind1="0" ind2="7" tag="785"><subfield code="t">Free press (Redding, Calif.)</subfield><subfield code="w">(DLC)sn 93051452</subfield></datafield><datafield ind1="0" ind2="7" tag="785"><subfield code="t">Courier-free press</subfield><subfield code="w">(DLC)sn 93051449</subfield></datafield><datafield ind1="1" ind2=" " tag="029"><subfield code="a">AU@</subfield><subfield code="b">000020735900</subfield></datafield></record>